<?xml version="1.0" encoding="UTF-8"?>
<OAI-PMH xmlns="http://www.openarchives.org/OAI/2.0/" xmlns:xsi="http://www.w3.org/2001/XMLSchema-instance" xsi:schemaLocation="http://www.openarchives.org/OAI/2.0/ http://www.openarchives.org/OAI/2.0/OAI-PMH.xsd"><GetRecord><record><header><identifier>oai:evergreen.iisg.nl:1000370</identifier><datestamp>2011-08-09T19:25:11Z</datestamp></header><metadata><marc:record xmlns:marc="http://www.loc.gov/MARC21/slim" xmlns:xsi="http://www.w3.org/2001/XMLSchema-instance" xsi:schemaLocation="http://www.loc.gov/MARC21/slim http://www.loc.gov/standards/marcxml/schema/MARC21slim.xsd">
<marc:leader>00551ngm a2200193 a 45 0</marc:leader>
<marc:controlfield tag="001">1000370</marc:controlfield>
<marc:controlfield tag="003">NL-AMISG</marc:controlfield>
<marc:controlfield tag="005">19980526165741.0</marc:controlfield>
<marc:controlfield tag="008">199805suuuuuuuu||||||||||||||||||||||| d</marc:controlfield>
<marc:datafield ind1="" ind2="" tag="035">
	<marc:subfield code="a">(IISG)IISGb10804436</marc:subfield>
</marc:datafield>
<marc:datafield ind1="" ind2="" tag="040">
	<marc:subfield code="a">NL-AmISG</marc:subfield>
</marc:datafield>
<marc:datafield ind1="1" ind2="0" tag="245">
	<marc:subfield code="k">Bewegend beeld-document = Moving image document.</marc:subfield>
</marc:datafield>
<marc:datafield ind1=" " ind2=" " tag="260">
	<marc:subfield code="c">1992, juli.</marc:subfield>
</marc:datafield>
<marc:datafield ind1=" " ind2=" " tag="300">
	<marc:subfield code="3">VHS.</marc:subfield>
</marc:datafield>
<marc:datafield ind1=" " ind2=" " tag="500">
	<marc:subfield code="a">Opnamen van interieur gebouw.</marc:subfield>
</marc:datafield>
<marc:datafield ind1="2" ind2="4" tag="610">
	<marc:subfield code="a">Centrale Arbeiders-Verzekerings- en Deposito-Bank ('s-Gravenhage)</marc:subfield>
	<marc:subfield code="0">(NL-AMISG)58578</marc:subfield>
</marc:datafield>
<marc:datafield ind1=" " ind2="4" tag="648">
	<marc:subfield code="a">1992-1992.</marc:subfield>
	<marc:subfield code="0">(NL-AMISG)552290</marc:subfield>
</marc:datafield>
<marc:datafield ind1=" " ind2="4" tag="650">
	<marc:subfield code="a">Buildings.</marc:subfield>
	<marc:subfield code="0">(NL-AMISG)96201</marc:subfield>
</marc:datafield>
<marc:datafield ind1=" " ind2="4" tag="651">
	<marc:subfield code="a">Den Haag. (Netherlands)</marc:subfield>
	<marc:subfield code="0">(NL-AMISG)231557</marc:subfield>
</marc:datafield>
<marc:datafield ind1=" " ind2="4" tag="655">
	<marc:subfield code="a">Video.</marc:subfield>
	<marc:subfield code="0">(NL-AMISG)317413</marc:subfield>
</marc:datafield>
<marc:datafield ind1=" " ind2=" " tag="694">
	<marc:subfield code="a">Centrale, De</marc:subfield>
	<marc:subfield code="b">BG V1/16</marc:subfield>
</marc:datafield>
<marc:datafield ind1=" " ind2=" " tag="695">
	<marc:subfield code="a">NED</marc:subfield>
	<marc:subfield code="g">Den Haag.</marc:subfield>
</marc:datafield>
<marc:datafield ind1="2" ind2=" " tag="710">
	<marc:subfield code="a">Centrale Arbeiders-Verzekerings- en Deposito-Bank ('s-Gravenhage),</marc:subfield>
	<marc:subfield code="e">collector.</marc:subfield>
	<marc:subfield code="0">(NL-AMISG)573774</marc:subfield>
</marc:datafield>
<marc:datafield ind1="4" ind2=" " tag="852">
	<marc:subfield code="a">IISG</marc:subfield>
	<marc:subfield code="b">IISG</marc:subfield>
	<marc:subfield code="c">IISG</marc:subfield>
	<marc:subfield code="j">BG V1/16</marc:subfield>
	<marc:subfield code="n">Available</marc:subfield>
	<marc:subfield code="p">N10583112</marc:subfield>
</marc:datafield>
<marc:datafield ind1=" " ind2=" " tag="901">
	<marc:subfield code="a">1000370</marc:subfield>
	<marc:subfield code="b">Unknown</marc:subfield>
	<marc:subfield code="c">1000370</marc:subfield>
	<marc:subfield code="t">biblio</marc:subfield>
</marc:datafield>
<marc:datafield ind1=" " ind2=" " tag="902">
	<marc:subfield code="a">10622/24A7135B-ADD6-464C-9C75-50CB41102878</marc:subfield>
</marc:datafield>
</marc:record></metadata></record></GetRecord></OAI-PMH>
